2812 4860
191 348 236 425 64
421 356 626 411 consul!
645 358 673 410 Τ
670 357 774 410 ACIT
772 361 792 413 Ι
809 357 872 411 DE
893 359 1122 416 GERMAXIA

190 522 327 604 adspici.
371 522 494 601 gradus
507 523 589 603 quin
602 523 704 585 etiam
720 523 792 603 ipse
806 525 985 587 comitatus
1003 526 1118 589 habet.
1131 528 1256 590 iudicio
1274 530 1370 601 eiuss

189 646 290 706 «ydem
316 636 503 701 sectantum
539 646 727 707 magnaque
752 638 787 689 et
812 629 974 690 comitum
1002 631 1197 694 aemulatio.
1222 634 1343 714 quibus

190 730 316 810 primns
330 731 420 812 apud
436 730 618 811 principem
636 750 732 792 suum
753 731 854 806 locus,
869 742 905 794 ct
924 734 1121 814 principum,
1135 735 1192 796 cui
1211 736 1341 817 plurimi

188 846 223 897 et
243 834 392 897 acerrimi
413 834 560 897 comites.
603 834 685 897 haec
699 835 854 916 dignitas,
872 835 937 898 hae
951 838 1049 912 vires,
1064 858 1191 918 magno
1210 845 1372 921 sempera

160 939 369 1013 ,selectorum
389 938 545 1000 iuvenum
567 937 671 1017 globo
691 938 898 1012 circumdari,
914 941 946 1000 in
966 961 1050 1021 pace
1069 942 1182 1004 deciis
1198 943 1233 1004 iu
1254 944 1341 1006 bello

188 1041 398 1123 praesidium
436 1061 495 1104 nec
511 1041 619 1104 solum
632 1043 665 1103 in
681 1062 741 1104 sua
755 1044 1060 1124 gentecuiquesed
1075 1047 1166 1125 apud
1183 1046 1342 1111 finitimas

188 1164 322 1227 qnoque
335 1145 485 1208 civitates
503 1145 536 1206 id
553 1165 682 1215 nomen,
701 1165 741 1208 en
761 1146 869 1227 gloria
890 1156 951 1219 est,
965 1148 993 1209 si
1009 1167 1149 1211 numero
1164 1169 1206 1212 ac
1220 1151 1342 1214 virtute

187 1249 366 1312 comitatus
388 1250 553 1321 emineat3
584 1260 788 1330 expetuntur
810 1251 900 1312 enim
922 1250 1146 1333 legationibus
1168 1264 1205 1316 et
1227 1273 1342 1316 mune·

188 1352 279 1417 ribus
293 1364 453 1416 ornantur
466 1364 500 1416 et
517 1354 588 1434 ipsa
603 1352 800 1434 plerumque
814 1351 904 1416 sama
919 1354 1008 1417 bella
1023 1354 1213 1437 profligant

146 1476 175 1511 ιο
230 1459 292 1526 14.
316 1455 402 1520 Cum
431 1465 567 1520 ventum
599 1458 633 1518 in
662 1458 777 1532 aciem,
806 1469 904 1540 turpe
926 1459 1067 1540 principi
1093 1460 1220 1522 tirtnte
1244 1460 1339 1533 vinci,

188 1572 285 1642 turpe
303 1560 476 1623 comitatui
491 1560 648 1622 virtutem
669 1561 826 1643 principis
848 1582 914 1623 non
934 1564 1132 1644 adaequare
1178 1565 1247 1625 iam
1263 1574 1369 1626 veroa

187 1664 309 1727 infame
331 1664 363 1726 in
387 1683 520 1727 omnem
547 1664 649 1725 vitam
676 1684 715 1727 ac
741 1664 938 1746 probrosum
962 1665 1176 1745 superstitem
1201 1667 1338 1749 principi

187 1788 249 1831 suo
275 1789 319 1830 ex
343 1769 413 1831 acie
437 1769 627 1831 recessisse:
665 1767 757 1829 illum
784 1767 970 1844 defendere,
996 1770 1093 1844 tueri,
1118 1790 1179 1832 sua
1205 1791 1339 1852 quoque

187 1872 284 1936 fortia
305 1870 393 1935 sacta
412 1870 539 1954 gloriae
560 1871 630 1933 eius
655 1872 829 1952 adsignare
854 1873 1067 1954 praecipuum
1092 1884 1336 1936 sacramentum

143 1998 173 2047 ιε
188 1988 260 2038 est:
283 1975 446 2057 principes
461 1995 522 2057 pro
538 1976 676 2038 victoria
692 1986 851 2057 pugnant,
867 1977 1007 2038 comites
1028 1996 1089 2056 pro
1109 1977 1266 2060 principe.
1311 1978 1365 2039 sit

187 2079 310 2151 civitas,
334 2081 366 2141 in
387 2099 453 2161 qua
474 2080 537 2141 orti
559 2090 646 2149 sunt,
668 2078 768 2161 longa
786 2099 868 2160 pace
888 2090 922 2141 et
940 2079 1011 2142 otio
1031 2089 1173 2162 torpeat,
1189 2081 1337 2163 plerique

218 2284 241 2327 ι,
259 2266 321 2316 haec
340 2267 405 2314 uires
424 2265 450 2314 b¹
471 2266 501 2315 C.
619 2268 642 2313 8.
659 2274 776 2329 expectnr
786 2265 817 2314 C.
929 2278 966 2325 13.
983 2264 1057 2312 illum
1067 2265 1130 2314 tueri
1144 2264 1267 2325 ll'iilffliu,
1278 2275 1303 2315 et

494 2332 557 2380 tueri
570 2331 668 2380 bleiser.
782 2344 820 2392 14.
836 2331 889 2379 eins
900 2345 950 2379 om.
963 2330 988 2379 b.

222 2497 241 2531 r.
258 2485 372 2540 vadat,
390 2481 475 2530 ‘there
494 2496 536 2530 are
552 2480 627 2530 ranks
643 2480 730 2529 within
784 2495 812 2536 ις
832 2481 867 2528 H.
882 2493 902 2526 r.
925 2493 947 2531 a.
970 2496 996 2542 4,
1019 2479 1087 2541 dcc).
1131 2479 1201 2528 Here
1225 2481 1333 2530 ‘infame

184 2548 226 2598 the
239 2548 304 2597 train
321 2546 351 2596 of
363 2546 495 2608 sollowers,
508 2546 622 2610 assigned
639 2547 672 2608 by
688 2545 731 2595 the
783 2585 811 2595 ..
828 2582 834 2592 .
853 2543 1015 2610 probrosnm’
1027 2560 1070 2593 are
1080 2560 1150 2592 more
1161 2545 1332 2596 lorcibletban

181 2614 326 2678 jndgement
338 2611 368 2661 of
375 2614 408 2661 its
419 2610 516 2661 leder!
782 2609 886 2675 ‘turpe'

220 2694 240 2729 2.
258 2675 730 2740 quibus,sc.‘sit';so‘sint’issnp
817 2691 854 2725 12.
880 2680 1070 2733 superstitem,
1096 2679 1144 2725 &c
1184 2677 1332 2725 Ammianus

184 2744 252 2809 plied
268 2745 330 2792 with
347 2740 419 2791 ‘cni'
437 2743 532 2797 below;
549 2742 599 2791 and
616 2743 641 2790 in
658 2743 731 2790 other
781 2750 858 2792 states
874 2741 926 2803 (16.
937 2755 974 2799 ra,
986 2740 1030 2801 60)
1043 2740 1098 2789 that
1113 2743 1158 2790 the
1176 2755 1226 2789 ²00
1242 2745 1331 2791 ‘comi-

184 2810 267 2875 plaoes
279 2810 303 2857 in
313 2808 552 2872 indirectqnestions
562 2808 604 2871 (A.
617 2821 638 2856 1.
650 2822 690 2868 ιι,
701 2821 731 2866 a;
781 2805 834 2856 tes‘
852 2808 882 2856 ol
895 2806 1065 2863 Chnodomar,
1084 2806 1147 2868 king
1169 2806 1200 2854 ol
1213 2807 1257 2855 the
1275 2807 1331 2856 Ale·

187 2874 223 2932 16,
236 2890 259 2938 5,
272 2879 339 2936 dcc).
782 2873 874 2929 manni,
885 2888 918 2921 on
930 2872 968 2920 his
979 2871 1144 2919 surrenderto
1156 2871 1251 2934 Julian,
1269 2888 1331 2936 gare

216 2956 239 3004 5.
258 2944 344 2990 decus
356 2976 362 2986 .
375 2977 381 2988 .
393 2943 575 2998 praesidinm,
587 2939 726 3002 answering
782 2937 931 2987 themselves
945 2952 980 3000 up
996 2945 1024 2984 to
1040 2936 1070 2985 be
1085 2937 1178 2992 bound,
1191 2937 1330 2999 ‘flagitium

183 3014 211 3055 to
223 3011 230 3035 ‘
240 3005 361 3069 dignitas'
373 3005 423 3054 and
434 3002 529 3053 ‘vires'
541 3004 629 3053 abore,
782 3004 896 3052 arbitrati
907 3010 964 3066 post
974 3017 1058 3064 regem
1069 3003 1152 3050 vivere
1163 3001 1203 3051 vel
1215 3019 1263 3066 pro
1275 3019 1331 3066 rege

215 3070 239 3121 6,
257 3075 368 3131 cuique,
386 3088 420 3121 sc.
432 3067 568 3134 ‘principi'
582 3072 637 3129 (not
654 3069 729 3119 taken
781 3085 831 3117 non
845 3067 923 3117 mori.’
957 3067 1085 3115 Instauoes
1100 3065 1130 3114 os
1143 3083 1158 3114 a
1175 3068 1272 3116 mutilat
1287 3068 1330 3117 fel-

184 3135 349 3198 with‘sua’).
731 3142 735 3148 '
781 3133 1032 3198 lowshipareiound
1047 3147 1142 3194 among
1155 3133 1199 3180 the
1210 3133 1330 3197 Aquitani

217 3204 319 3266 7.id..
335 3239 340 3249 .
355 3215 413 3259 .ea,
422 3200 553 3265 explained
562 3199 660 3263 by‘si‚'
673 3203 729 3257 dcc,
780 3201 811 3248 ol
829 3199 896 3248 Gaul
919 3199 1003 3261 (Caes.
1028 3212 1049 3259 3.
1075 3197 1116 3260 ιι)
1137 3197 1187 3245 and
1209 3198 1329 3247 Celtiberi

182 3269 224 3318 the
241 3267 358 3331 apodosis
375 3274 403 3315 to
420 3266 501 3316 which
519 3267 540 3315 is
556 3269 661 3315 ‘nomen
680 3264 729 3314 and
782 3265 852 3329 (Val.
870 3265 938 3312 Max.
958 3278 980 3312 a,
997 3263 1022 3321 6,
1037 3262 1088 3324 ιι).
1121 3261 1168 3310 See
1183 3262 1239 3311 also
1258 3264 1329 3312 Free-

182 3331 279 3398 gloria:
781 3346 848 3391 mnu,
860 3329 967 3379 Growth
978 3328 1008 3376 of
1016 3327 1123 3391 English
1134 3327 1222 3377 Const.
1234 3344 1259 3392 p.
1271 3344 1311 3391 4²·

216 3401 238 3449 8.
255 3401 414 3457 comitetur,
437 3396 560 3461 probably
579 3397 634 3446 best
653 3395 728 3444 taken
816 3410 853 3456 14.
870 3399 1054 3453 praecipuum
1066 3398 1282 3451 sacramentnm,
1294 3395 1328 3442 ‘is

183 3480 210 3514 as
231 3464 398 3520 nominative;
416 3462 458 3511 the
480 3462 574 3525 subject
595 3461 625 3510 of
639 3463 728 3524 ‘expe-
779 3460 845 3511 their
855 3468 920 3509 most
936 3458 1021 3508 sacred
1032 3457 1147 3522 plighted
1158 3457 1328 3522 allegiance’;

182 3537 266 3579 tantur
284 3527 291 3549 ’
304 3529 378 3592 being
389 3527 503 3592 supplied
516 3528 579 3575 lrom
591 3526 711 3591 ‘cuique'
779 3543 808 3575 so
820 3525 1009 3590 ‘praecipuum'
1021 3524 1046 3570 in
1057 3539 1079 3571 c.
1088 3523 1112 3578 6,
1121 3521 1137 3571 6
1147 3539 1153 3581 ;
1172 3534 1196 3587 7,
1206 3538 1237 3585 3;
1255 3538 1295 3586 35,
1305 3539 1328 3586 4;

215 3611 239 3658 9.
255 3598 428 3653 plerumque.
440 3598 446 3622 ‘
456 3591 540 3642 osten)
779 3590 832 3641 58².
844 3591 927 3640 shows
934 3599 1013 3640 traces
1025 3588 1054 3636 os
1061 3587 1122 3637 such
1133 3605 1167 3637 an
1178 3589 1240 3638 oath
1248 3589 1274 3638 in
1286 3589 1328 3638 old

214 3663 375 3718 profligant,
387 3659 487 3708 ‘decide
498 3659 540 3708 the
553 3659 618 3707 issue
629 3658 658 3706 ol
663 3656 681 3708 ἰ
699 3674 728 3707 so
780 3656 889 3706 German
901 3656 991 3705 words.

182 3726 373 3790 ‘profligaverat
396 3724 491 3774 bellum
513 3724 643 3773 Iudaicum
666 3724 726 3771 Ves-
815 3722 851 3771 16.
868 3719 1124 3780 plerique,‘many.’
1154 3719 1236 3768 These
1255 3719 1329 3768 noble

182 3789 305 3857 pasianns’
324 3791 371 3854 (H.
394 3805 415 3838 2.
433 3806 456 3853 4,
476 3792 521 3852 5);
549 3790 607 3854 ‘qui
631 3789 727 3853 proelia
779 3788 869 3851 youths
891 3803 958 3836 seem
980 3795 1007 3836 to
1030 3799 1126 3832 answer
1147 3791 1174 3833 to
1196 3785 1269 3833 those
1288 3785 1329 3833 de·

182 3854 356 3922 profligarent’
370 3856 414 3920 <A
426 3869 463 3918 14
477 3854 517 3916 36,
530 3857 564 3915 3)-
779 3853 874 3903 scribed
886 3854 912 3901 in
923 3868 944 3900 c.
956 3865 995 3913 13,
1009 3866 1037 3909 23
1055 3850 1100 3898 but
1117 3850 1159 3898 the
1176 3849 1260 3898 words
1276 3849 1327 3898 still

218 3936 254 3970 10.
266 3929 349 3979 turpe
357 3925 489 3982 principi,
499 3924 560 3970 &cz
573 3920 642 3969 these
653 3922 727 3969 senti·
778 3920 849 3968 leave
865 3920 884 3967 it
901 3933 964 3981 open
981 3915 1092 3966 whether
1108 3915 1167 3978 they
1178 3930 1219 3962 are
1234 3914 1328 3964 leaders

182 3998 260 4037 ments
271 4004 312 4037 are
323 3986 462 4036 illustrated
475 3987 507 4050 by
516 3985 559 4035 SS.
569 3986 617 4034 and
627 3986 654 4033 Z.
663 3985 726 4034 from
779 3985 808 4034 of
816 4001 832 4033 a
843 3983 1005 4034 ‘comitatus'
1017 3999 1046 4030 or
1061 3979 1119 4028 seek
1130 3990 1157 4029 to
1168 3980 1200 4028 be
1215 3980 1328 4029 enrolled

181 4068 299 4118 passages
322 4053 345 4101 in
374 4053 416 4101 the
439 4051 650 4115 Nibeluugenlied
677 4051 726 4099 and
779 4051 954 4109 as‘comites,'
966 4046 1076 4097 whether
1087 4045 1147 4108 they
1158 4061 1200 4094 are
1211 4045 1254 4094 the
1270 4045 1327 4094 sub·

181 4120 251 4168 other
263 4119 306 4167 old
319 4134 412 4182 poems.
776 4115 827 4178 ject
846 4114 951 4178 implied
970 4115 995 4160 in
1013 4112 1129 4170 ‘tueare,’
1150 4126 1178 4158 or
1194 4109 1290 4173 spoken
1303 4110 1331 4158 os

217 4198 254 4234 ιι.
277 4187 334 4233 iam
356 4199 432 4243 vero,
458 4180 660 4232 ‘furthermore’z
684 4181 726 4231 the
779 4182 804 4229 in
823 4181 955 4244 ‘exigunt’
989 4175 1132 4239 According
1148 4182 1176 4225 to
1196 4175 1239 4224 the
1256 4175 1328 4225 inter·

180 4250 359 4379 {xliiii
370 4248 625 4376 iiiffdinlltl‘sssssuff
638 4263 727 4375 §.¹¹55
779 4240 1327 4360 &lilithltl‘lzllilttll‘‘’¹²⁰‘’

581 4349 586 4361 ·
618 4351 623 4362 ·
661 4350 667 4370 r
718 4349 724 4372 t
1206 4343 1211 4353 ⁸
